@online{whatisscala,
	author = {Scala},
	title = {What Is Scala?},
	url = {http://www.scala-lang.org/what-is-scala.html},
	urldate = {2016-06-13}
}

@online{jmetertutor,
	author = {JMeter},
	title = {Apache JMeter - Building a Web Test Plan.},
	url = {http://jmeter.apache.org/usermanual/buildweb-
	test-plan.html},
	urldate = {2016-06-17}
}

@online{manab,
	author = {Linux},
	title = {Linux Man Page - ab},
	url = {http://linux.die.net/man/1/ab},
	urldate = {2016-06-11}
}

@online{phoronixwiki,
	author = {Ubuntu Wiki},
	title = {Phoronix Test Suite},
	url = {https://wiki.ubuntu.com/PhoronixTestSuite},
	urldate = {2016-06-11}
}

@online{gatlinginstall,
	author = {Gatling},
	title = {Versión de Gatling para instalar},
	url = {https://repo1.maven.org/maven2/io/gatling/highcharts/gatling-charts-highcharts-bundle/2.1.7/gatling-charts-highcharts-bundle-2.1.7-bundle.zip
	},
	urldate = {2016-06-13}
}



%%%%%%%%%%%%%%%%%%%%%%%%%%%%%%%%%%%%%%%%%%%%%%%%%%%%%%%%%%%

@online{mancrontab,
	author = {Linux},
	title = {Linux Man Page - crontab},
	url = {http://linux.die.net/man/1/crontab},
	urldate = {2016-05-27}
}

@online{perfmon,
	author = {Microsoft},
	title = {Monitor de rendimiento de Windows},
	url = {https://technet.microsoft.com/es-es/library/cc749249.aspx?ppud=4&f=255&mspperror=-2147217396#España (Español)},
	urldate = {2016-05-27}
}

@online{speedfan,
	title = {SpeedFan},
	url = {http://www.almico.com/speedfan.php},
	urldate = {2016-05-27}
}

@online{coretemp,
	title = {Core Temp},
	url = {http://www.alcpu.com/CoreTemp/},
	urldate = {2016-05-27}
}

@online{openhm,
	title = {Open Hardware Monitor},
	url = {http://openhardwaremonitor.org/},
	urldate = {2016-05-27}
}

@online{artic8,
	title = {Using strace to debug application errors},
	url = {https://debian-administration.org/article/352/Using_strace_to_debug_application_errors},
	urldate = {2016-05-27}
}

@online{raid,
	author = {Linux Raid},
	title = {Detecting, querying and testing},
	url = {https://raid.wiki.kernel.org/index.php/Detecting,_querying_and_testing},
	urldate = {2016-05-27}
}

@online{munin,
	author = {Munin},
	title = {Demo - Munin Monitoring},
	url = {http://demo.munin-monitoring.org/munin-monitoring.org/demo.munin-monitoring.org/},
	urldate = {2016-05-28}
}

@online{ganglia,
	author = {Ganglia},
	title = {Demo - Ganglia Wikimwdia},
	url = {https://ganglia.wikimedia.org/latest/},
	urldate = {2016-05-28}
}

@online{cacti,
	author = {Unixmen},
	title = {How to Install Cacti On Ubuntu},
	url = {http://www.unixmen.com/install-cacti-ubuntu-14-04/},
	urldate = {2016-05-28}
}

@online{manvalgrind,
	author = {Linux},
	title = {Linux Man Page - valgrind},
	url = {http://linux.die.net/man/1/valgrind},
	urldate = {2016-05-28}
}

@online{zabbixdoc,
	author = {Zabbix},
	title = {Zabbix documentation - Installation from packages},
	url = {https://www.zabbix.com/documentation/3.0/manual/installation/install_from_packages},
	urldate = {2016-05-28}
}

@online{zabbixagent,
	author = {Tecmint},
	title = {How to Install and Configure Zabbix Agents on Remote Linux Systems},
	url = {http://www.tecmint.com/install-and-configure-zabbix-agents-on-centos-redhat-and-debian/},
	urldate = {2016-05-29}
}

@online{sqlprofile,
	author = {MySQL},
	title = {MySQL - Show profile sintax},
	url = {http://dev.mysql.com/doc/refman/5.7/en/show-profile.html},
	urldate = {2016-05-27}
}

%% BIBLIOGRAFÍAS DE EJEMPLO

%%%%%%%%%%%%%%% PAGINAS WEB
@online{WinNT,
	author = {MultiMedia LLC},
	title = {{MS Windows NT} Kernel Description},
	year = 1999,
	url = {http://web.archive.org/web/20080207010024/http://www.808multimedia.com/winnt/kernel.htm},
	urldate = {2010-09-30}
}

@misc{WinNTno,
	title = {{MS Windows NT} Kernel Description},
	howpublished = {\url{http://web.archive.org/web/20080207010024/http://www.808multimedia.com/winnt/kernel.htm}},
	note = {Accessed: 2010-09-30}
}
%%%%%%%%%%%%%%%%%%%%%%%%%%% 
@article{article,
	author  = {Peter Adams}, 
	title   = {The title of the work},
	journal = {The name of the journal},
	year    = 1993,
	number  = 2,
	pages   = {201-213},
	month   = 7,
	note    = {An optional note}, 
	volume  = 4
}

@book{book,
	author    = {Peter Babington}, 
	title     = {The title of the work},
	publisher = {The name of the publisher},
	year      = 1993,
	volume    = 4,
	series    = 10,
	address   = {The address},
	edition   = 3,
	month     = 7,
	note      = {An optional note},
	isbn      = {3257227892}
}

@booklet{booklet,
	title        = {The title of the work},
	author       = {Peter Caxton}, 
	howpublished = {How it was published},
	address      = {The address of the publisher},
	month        = 7,
	year         = 1993,
	note         = {An optional note}
}

@conference{conference,
	author       = {Peter Draper}, 
	title        = {The title of the work},
	booktitle    = {The title of the book},
	year         = 1993,
	editor       = {The editor},
	volume       = 4,
	series       = 5,
	pages        = 213,
	address      = {The address of the publisher},
	month        = 7,
	organization = {The organization},
	publisher    = {The publisher},
	note         = {An optional note}  
}

@inbook{inbook,
	author       = {Peter Eston}, 
	title        = {The title of the work},
	chapter      = 8,
	pages        = {201-213},
	publisher    = {The name of the publisher},
	year         = 1993,
	volume       = 4,
	series       = 5,
	address      = {The address of the publisher},
	edition      = 3,
	month        = 7,
	note         = {An optional note}
}

@incollection{incollection,
	author       = {Peter Farindon}, 
	title        = {The title of the work},
	booktitle    = {The title of the book},
	publisher    = {The name of the publisher},
	year         = 1993,
	editor       = {The editor},
	volume       = 4,
	series       = 5,
	chapter      = 8,
	pages        = {201-213},
	address      = {The address of the publisher},
	edition      = 3,
	month        = 7,
	note         = {An optional note}
}
@manual{manual,
	title        = {The title of the work},
	author       = {Peter Gainsford}, 
	organization = {The organization},
	address      = {The address of the publisher},
	edition      = 3,
	month        = 7,
	year         = 1993,
	note         = {An optional note}
}

@mastersthesis{mastersthesis,
	author       = {Peter Harwood}, 
	title        = {The title of the work},
	school       = {The school where the thesis was written},
	year         = 1993,
	address      = {The address of the publisher},
	month        = 7,
	note         = {An optional note}
}

@misc{misc,
	author       = {Peter Isley}, 
	title        = {The title of the work},
	howpublished = {How it was published},
	month        = 7,
	year         = 1993,
	note         = {An optional note}
}

@phdthesis{phdthesis,
	author       = {Peter Joslin}, 
	title        = {The title of the work},
	school       = {The school where the thesis was written},
	year         = 1993,
	address      = {The address of the publisher},
	month        = 7,
	note         = {An optional note}
}

@proceedings{proceedings,
	title        = {The title of the work},
	year         = 1993,
	editor       = {Peter Kidwelly},
	volume       = 4,
	series       = 5,
	address      = {The address of the publisher},
	month        = 7,
	organization = {The organization},
	publisher    = {The name of the publisher},
	note         = {An optional note}
}

@techreport{techreport,
	author       = {Peter Lambert}, 
	title        = {The title of the work},
	institution  = {The institution that published},
	year         = 1993,
	number       = 2,
	address      = {The address of the publisher},
	month        = 7,
	note         = {An optional note}
}

@unpublished{unpublished,
	author       = {Peter Marcheford}, 
	title        = {The title of the work},
	note         = {An optional note},
	month        = 7,
	year         = 1993
}

@online{alexa500,
    title = "Alexa Top 500 Global Sites",
    author = "Alexa",
    year = "2015",
    url = "http://www.alexa.com/topsites"
}

@online{effencrypt,
    title = "Encrypting the Web",
    author = "EFF",
    year = "2013",
    url = "https://www.eff.org/es/encrypt-the-web"
}

@book{tanenbaum,
    title = "Redes de Computadoras. Cuarta Edición",
    author = "Andrew S. Tanenbaum",
    publisher = "Pearson/Prentice Hall",
    year = "2003"
}

@online{tlsrfc,
    title = "RFC 5246: The Transport Layer Security (TLS) Protocol Version 1.2",
    author = "T. Dierks and E. Rescorla",
    organization = "IETF",
    year = "2008",
    url = "https://tools.ietf.org/html/rfc5246"
}

@online{x509rfc,
    title = "RFC 5280: Internet X.509 Public Key Infrastructure Certificate and Certificate Revocation List (CRL) Profile",
    author = "D. Cooper and S. Santesson and S. Farrell and S. Boeyen and R. Housley and W. Polk",
    organization = "IETF",
    year = "2008",
    url = "https://tools.ietf.org/html/rfc5280"
}

@online{h11rfc,
    title = "RFC 2616: Hypertext Transfer Protocol -- HTTP/1.1",
    author = "R. Fielding and J. Gettys and J. Mogul and H. Frystyk and L. Masinter and P. Leach and T. Berners-Lee",
    organization = "IETF",
    year = "1999",
    url = "https://tools.ietf.org/html/rfc2616"
}

@online{h2rfc,
    title = "Hypertext Transfer Protocol version 2 (Draft 17)",
    author = "M. Belshe and R. Peon and M. Thomson",
    organization = "IETF",
    year = "2015",
    url = "https://tools.ietf.org/html/draft-ietf-httpbis-http2-17"
}

@online{ietfh2,
    title = "HTTP/2 Approved",
    author = "Jari Arkko",
    organization = "IETF",
    year = "2015",
    url = "https://www.ietf.org/blog/2015/02/http2-approved/"
}

@online{spdychr,
    title = "SPDY: An experimental protocol for a faster web",
    author = "Chromium",
    organization = "Chromium",
    year = "2015",
    url = "https://dev.chromium.org/spdy/spdy-whitepaper"
}

@online{alpnrfc,
    title = "RFC 7301: Transport Layer Security (TLS) Application-Layer Protocol Negotiation Extension",
    author = "S. Friedl and A. Popov and A. Langley and E. Stephan",
    organization = "IETF",
    year = "2014",
    url = "https://tools.ietf.org/html/rfc7301"
}

@online{hpackrfc,
    title = "HPACK - Header Compression for HTTP/2 (Draft 12)",
    author = "R. Peon and H. Ruellan",
    organization = "IETF",
    year = "2015",
    url = "https://tools.ietf.org/html/draft-ietf-httpbis-header-compression-12"
}

@online{opsecrfc,
    title = "Opportunistic Security for HTTP (Draft 1)",
    author = "M. Nottingham and M. Thomson",
    organization = "IETF",
    year = "2014",
    url = "https://tools.ietf.org/html/draft-ietf-httpbis-http2-encryption-01"
}

@online{mozillah2,
    title = "Networking: HTTP/2 (Mozilla Wiki)",
    author = "Mozilla",
    organization = "Mozilla",
    year = "2015",
    url = "https://wiki.mozilla.org/Networking/http2"
}

@online{chromiumh2,
    title = "Moving forward on improving HTTP's security (HTTP Working Group List)",
    author = "William Chan",
    organization = "Chromium",
    year = "2013",
    url = "https://lists.w3.org/Archives/Public/ietf-http-wg/2013OctDec/0676.html"
}

@online{crime,
    title = "CRIME: Information Leakage Attack against SSL/TLS",
    author = "Ivan Ristic",
    organization = "Qualys",
    year = "2012",
    url = "https://community.qualys.com/blogs/securitylabs/2012/09/14/crime-information-leakage-attack-against-ssltls"
}

@online{httpd,
    title = "Apache HTTP Server Project",
    author = {'The Apache Software Foundation'},
    organization = "The Apache Software Foundation",
    year = "1999",
    url = "https://httpd.apache.org/"
}

@online{modh2,
    title = "HTTP/2 module for Apache httpd",
    author = "Stefan Eissing",
    organization = "greenbytes",
    year = "2015",
    url = "https://icing.github.io/mod_h2/"
}

@online{nghttp2,
    title = "nghttp2 - HTTP/2 C Library",
    author = "Tatsuhiro Tsujikawa",
    organization = "",
    year = "2015",
    url = "https://tatsuhiro-t.github.io/nghttp2/"
}

@online{curl,
    title = "curl and libcurl",
    author = "Daniel Stenberg",
    organization = "",
    year = "1997-2015",
    url = "http://curl.haxx.se/"
}

@online{alpnvsnpn,
    title = "A new consensus call on ALPN vs NPN",
    author = "Brian Smith",
    organization = "Mozilla",
    year = "2013",
    url = "https://www.ietf.org/mail-archive/web/tls/current/msg10892.html"
}

@online{haxxtls,
    title = "TLS in HTTP/2",
    author = "Daniel Stenberg",
    organization = "Haxx",
    year = "2015",
    url = "http://daniel.haxx.se/blog/2015/03/06/tls-in-http2/"
}

@online{henningkamp,
    title = "HTTP/2.0 - The IETF is Phoning It In",
    author = "Poul-Henning Kamp",
    organization = "",
    year = "2015",
    url = "https://queue.acm.org/detail.cfm?id=2716278"
}

@online{leisrg,
    title = "About Let's Encrypt",
    author = "ISRG",
    organization = "Internet Security Research Group",
    year = "2014",
    url = "https://letsencrypt.org/about/"
}

@online{acmespec,
    title = "Automatic Certificate Management Environment (ACME) (Draft 1)",
    author = "R. Barnes and P. Eckersley and S. Schoen and A. Halderman and J. Kasten",
    organization = "Internet Security Research Group",
    year = "2015",
    url = "https://tools.ietf.org/html/draft-barnes-acme-01"
}

@online{boulder,
    title = "Boulder - An ACME-based CA, written in Go",
    author = "'Let's Encrypt'",
    organization = "Internet Security Research Group",
    year = "2014-2015",
    url = "https://github.com/letsencrypt/boulder"
}

@online{nodeacme,
    title = "node-acme: Proof of concept implementation of the ACME protocol",
    author = "'Let's Encrypt'",
    organization = "Internet Security Research Group",
    year = "2014-2015",
    url = "https://github.com/letsencrypt/node-acme"
}

@online{letsenclient,
    title = "Let's Encrypt Preview",
    author = "'Let's Encrypt'",
    organization = "Internet Security Research Group",
    year = "2012-2015",
    url = "https://github.com/letsencrypt/lets-encrypt-preview"
}

@online{apachevh,
    title = "Name-based Virtual Host Support",
    author = "Apache",
    organization = "Apache",
    year = "",
    url = "https://httpd.apache.org/docs/2.2/vhosts/name-based.html"
}

@online{leconfig,
    title = "configurator.py in Let's Encrypt Preview",
    author = "'Let's Encrypt'",
    organization = "",
    year = "2015",
    url = "https://github.com/letsencrypt/letsencrypt/blob/94d8a1ca018464479f37c61c6b668439ed8507d0/letsencrypt/client/plugins/apache/configurator.py#L337"
}

@online{convergence,
    title = "Convergence",
    author = "Moxie Marlinspike",
    organization = "",
    year = "2011",
    url = "http://convergence.io/"
}

@online{convnotary,
    title = "Convergence notary",
    author = "Moxie Marlinspike and Mike Kazantsev",
    organization = "",
    year = "2011-2014",
    url = "https://github.com/mk-fg/convergence/tree/master/server"
}

@online{convextra,
    title = "Convergence Extra Firefox Addon",
    author = "Mike Kazantsev",
    organization = "",
    year = "2014",
    url = "https://addons.mozilla.org/en-us/firefox/addon/convergence-extra/"
}

@inproceedings{perspectives,
  title={Perspectives: Improving SSH-style Host Authentication with Multi-Path Probing},
  author={Wendlandt, Dan and Andersen, David G and Perrig, Adrian},
  booktitle={USENIX Annual Technical Conference},
  pages={321--334},
  year={2008},
  url={https://www.usenix.org/legacy/events/usenix08/tech/full_papers/wendlandt/wendlandt.pdf}
}
